
@article{li_map_2023,
	title = {Map {Construction} and {Path} {Planning} {Method} for {Mobile} {Robots} {Based} on {Collision} {Probability} {Model}},
	volume = {15},
	number = {10},
	doi = {10.3390/sym15101891},
	journal = {Symmetry},
	author = {Li, Jingwen and Tang, Wenkang and Zhang, Dan and Fan, Dayong and Jiang, Jianwu and Lu, Yanling},
	year = {2023}
}

@article{dai_mobile_2019,
	title = {Mobile {Robot} {Path} {Planning} {Based} on {Ant} {Colony} {Algorithm} {With} {A}* {Heuristic} {Method}},
	volume = {13},
	doi = {10.3389/fnbot.2019.00015},
	journal = {Frontiers in Neurorobotics},
	author = {Dai, Xiaolin and Long, Shuai and Zhang, Zhiwen and Gong, Dawei},
	year = {2019}
}

@inproceedings{han_mobile_2019,
	title = {Mobile {Robot} {Path} {Planning} {Based} on {Improved} {Particle} {Swarm} optimization},
	doi = {10.23919/ChiCC.2019.8866634},
	booktitle = {2019 {Chinese} {Control} {Conference} ({CCC})},
	author = {Han, Yisa and Zhang, Li and Tan, Haiyan and Xue, Xulu},
	year = {2019},
	pages = {4354-4358}
}

@article{li_quadruped_2022,
	title = {A quadruped robot obstacle avoidance and personnel following strategy based on ultra-wideband and three-dimensional laser radar},
	volume = {19},
	number = {4},
	doi = {10.1177/17298806221114705},
	journal = {International Journal of Advanced Robotic Systems},
	author = {Li, Zhi and Li, Bin and Liang, Qixing and Liu, Weilong and Hou, Landong and Rong, Xuewen},
	year = {2022},
}

@inproceedings{lidar,
	author={Liu, Jingyun and Sun, Qiao and Fan, Zhe and Jia, Yudong},
	booktitle={2018 IEEE 3rd Optoelectronics Global Conference (OGC)}, 
	title={TOF Lidar Development in Autonomous Vehicle}, 
	year={2018},
	doi={10.1109/OGC.2018.8529992},
	pages={185-190},
}

@phdthesis{pena_echeverria_algoritmo_2019,
	type = {Tesis de licenciatura},
	title = {Algoritmo de sincronización y control de sistemas de robots multiagente para misiones de búsqueda},
	school = {Universidad del Valle de Guatemala},
	author = {Peña, Andrea},
	year = {2019}
}

@phdthesis{baldizon_garcia_aplicaciones_2022,
	type = {Tesis de licenciatura},
	title = {Aplicaciones prácticas para algoritmos de inteligencia y robótica de enjambre},
	school = {Universidad del Valle de Guatemala},
	author = {Baldizón, Daniela},
	year = {2022}
}

@phdthesis{santizo_olivet_aprendizaje_2021,
	type = {Tesis de licenciatura},
	title = {Aprendizaje reforzado y aprendizaje profundo en aplicaciones de robótica de enjambre},
	school = {Universidad del Valle de Guatemala},
	author = {Santizo, Eduardo},
	year = {2021},
}

@phdthesis{godoy_lucero_desarrollo_2023,
	type = {Tesis de licenciatura},
	title = {Desarrollo y evaluación de algoritmos para el mapeo de entornos y generación de trayectorias utilizando sistemas robóticos multi-agente},
	school = {Universidad del Valle de Guatemala},
	author = {Godoy, Fredy},
	year = {2023}
}

@book{thrun_probabilistic_2005,
	address = {Cambridge, Massachusetts},
	title = {Probabilistic Robotics (Intelligent Robotics and Autonomous Agents)},
	isbn = {0262201623},
	publisher = {The MIT Press},
	author = {Thrun, Sebastian and Burgard, Wolfram and Fox, Dieter},
	year = {2005}
}

@book{corke_robotics_2017,
	address = {Cham, Switzerland},
	edition = {Second Edition},
	series = {Springer {Tracts} in {Advanced} {Robotics}},
	title = {Robotics, {Vision} and {Control:} {Fundamental} {Algorithms} In MATLAB},
	isbn = {3319544128},
	publisher = {Springer Cham},
	author = {Corke, Peter},
	year = {2017},
}

@book{fahimi_autonomous_2009,
	address = {Edmonton, Alberta},
	title = {Autonomous {Robots}: {Modeling}, {Path} {Planning}, and {Control}},
	publisher = {Springer US},
	author = {Fahimi, Farbod},
	year = {2009},
	isbn = {0387095381}
}

@book{siciliano_robotics_2009,
	address = {London, England},
	series = {Advanced {Textbooks} in {Control} and {Signal} {Processing}},
	title = {Robotics Modelling, Planning and Control},
	isbn = {1846286417},
	publisher = {Springer London},
	author = {Siciliano, Bruno and Sciavicco, Lorenzo and Villani, Luigi and Oriolo, Giuseppe},
	year = {2009},
}


@article{multi-robot_nodate,
	title = {Multi-{Robot} {Indoor} {Environment} {Map} {Building} {Based} on {Multi}-{Stage} {Optimization} {Method}},
	author={Lu, Hui and Yang, Siyi and Zhao, Meng and Cheng, Shi},
	journal={Complex System Modeling and Simulation},
	year={2021},
	volume={1},
	number={2},
	pages={145-161},
	doi={10.23919/CSMS.2021.0011}
}

@book{niko_correll_kinematics,
	series = {Kinematics, Perception, Localization and Planning},
	title = {Introduction to Autonomous Robots},
	isbn = {1493773070},
	publisher = {Independent},
	author = {Correll, Nikolaus},
	year = {2016}
}

@misc{pololu,
	copyright = {Pololu Robotics and Electronics},
	title = {Pololu - 3pi+ {32U4} {Robot} - {Standard} {Edition} },
	shorttitle = {Pololu - 3pi+ {32U4} {Robot} - {Standard} {Edition} (30},
	url = {https://www.pololu.com/product/3737},
	year = {2024}
}


@misc{tof,
	title = {{STMicroelectronics} {Time} {of} {Flight} ({ToF}) {Sensors}},
	url = {https://www.st.com/en/imaging-and-photonics-solutions/time-of-flight-sensors.html},
	year = {2022}
}

@misc{maderer_robotarium_nodate,
	title = {Robotarium: {A} {Robotics} {Lab} {Accessible} to {All}},
	url = {https://news.gatech.edu/archive/features/robotarium-robotics-lab-accessible-all.shtml},
	author = {Maderer, Jason},
	year = {2017}
}

@misc{barrera_robotat_nodate,
	title = {El {Robotat}, el hábitat donde interactúan los robots en el {CIT}},
	url = {https://noticias.uvg.edu.gt/el-robotat-el-habitat-donde-interactuan-los-robots-en-el-cit/},
	author = {Barrera, Pedro},
	year = {2022}
}

@phdthesis{perafan_camilo_2022,
	type = {Tesis de licenciatura},
	title = {Robotat: un ecosistema robótico de captura de movimiento y comunicación inalámbrica},
	school = {Universidad del Valle de Guatemala},
	author = {Montoya, Camilo},
	year = {2022}
}


@misc{pena_uart_nodate,
	title = {{UART}: {A} {Hardware} {Communication} {Protocol} {Understanding} {Universal} {Asynchronous} {Receiver}/{Transmitter}},
	url = {https://www.analog.com/en/resources/analog-dialogue/articles/uart-a-hardware-communication-protocol.html},
	volume = {54},
	journal = {Analog Devices},
	author = {Peňa, Eric and Legaspi, Mary},
	year={2020}
}



@misc{campbell_basics_2016,
	title = {Basics of {UART} {Communication}},
	url = {https://www.circuitbasics.com/basics-uart-communication/},
	journal = {Circuit Basics},
	author = {Campbell, Scott},
	year = {2016}
}

@book{drouin2020,
	address = {Cham, Switzerland},
	edition = {Second Edition},
	title = {3D {Imaging}, {Analysis} and {Applications}},
	isbn = {3030440702},
	publisher = {Springer Cham},
	editor = {Pears, Nick and Liu, Yonghuai and Bunting, Peter},
	year = {2020}
}

@misc{youyeetoo_tech_ld20_nodate,
	title = {{LD20}},
	url = {https://wiki.youyeetoo.com/en/Lidar/LD20},
	author = {youyeetoo Tech},
	year = {2023},
}


@misc{stmicroelectronics_vl53l0x_2016,
	title = {{VL53L0X} - {Time}-of-{Flight} ({ToF}) ranging sensor - {Datasheet} ({Rev} 6)},
	url = {https://www.st.com/resource/en/datasheet/vl53l0x.pdf},
	author = {STMicroelectronics{\textbar}},
	year = {2016}
}

@misc{eai_technology_ydlidar_2022,
	title = {{YDLIDAR} {T}-{MINI} {PRO}- {Datasheet} ({Rev} 1.1)},
	url = {https://static.generation-robots.com/media/ydlidar-tmini-pro-datasheet.pdf},
	author = {EAI Technology},
	year = {2022}
}


@inproceedings{fatchurrahman_light_2016,
	title = {Light sensor selection of {Wi}-{MoLS} (wireless modern light sensor) based on analytic hierarchy process ({AHP})},
	doi = {10.1109/ICIMECE.2016.7910443},
	booktitle = {2016 2nd International Conference of Industrial, Mechanical, Electrical, and Chemical Engineering (ICIMECE)},
	author = {Fatchurrahman, R. and Putra, H. and Joyokusumo, I. and Habib, M. H. and Imawati, I. and Hadi, S. P.},
	year = {2016},
	pages = {152-155},
}

@article{primitive,
	title={Geometric Primitives in LiDAR Point Clouds: A Review}, 
	author={Xia, Shaobo and Chen, Dong and Wang, Ruisheng and Li, Jonathan and Zhang, Xinchang},
	journal={IEEE Journal of Selected Topics in Applied Earth Observations and Remote Sensing}, 
	year={2020},
	volume={13},
	pages={685-707},
	doi={10.1109/JSTARS.2020.2969119}}
	
@article{diffuse,
	title = {Experimental Analysis of the Behavior of Mirror-like Objects in LiDAR-Based Robot Navigation},
	author = {Damodaran, Deeptha and Mozaffari, Saeed and Alirezaee, Shahpour and Ahamed, Mohammed Jalal},
	journal = {Applied Sciences},
	year = {2023},
	volume = {13},
	number = {5},
	DOI = {10.3390/app13052908}
}

@article{lidar_height,
	title={Forehead or Headlights – At Which Height Should LiDARs be Mounted on the Vehicle?}, 
	author={Li, Kezhi and Qian, Yeqiang and Wang, Chunxiang and Yang, Ming},
	journal={IEEE Transactions on Intelligent Vehicles}, 
	year={2024},
	volume={9},
	number={1},
	pages={2564-2575},
	doi={10.1109/TIV.2023.3318628}
}

@inproceedings{caster_wheel,
	title={Comparative Analysis of Mobile Robot Wheels Design}, 
	doi={10.1109/DeSE.2018.00041},
	booktitle={2018 11th International Conference on Developments in eSystems Engineering (DeSE)}, 
	author={Shabalina, Ksenia and Sagitov, Artur and Magid, Evgeni},
	year={2018},
	pages={175-179},
}

@phdthesis{jose_alvarez_2023,
	type = {Tesis de licenciatura},
	title = {Desarrollo de una placa de expansión para los agentes Pololu 3Pi+ que expanda sus capacidades dentro del ecosistema Robotat},
	school = {Universidad del Valle de Guatemala},
	author = {Alvarez, José},
	year = {2023}
}
